<record><leader>00000cas a2200000 a 4500</leader><controlfield tag="001">8065602</controlfield><controlfield tag="008">820115d19561971nyuwr n       0   a0eng d</controlfield><controlfield tag="009">394</controlfield><datafield ind1=" " ind2=" " tag="010"><subfield code="a">sn 89071261 </subfield></datafield><datafield ind1=" " ind2=" " tag="040"><subfield code="a">YQR</subfield><subfield code="b">eng</subfield><subfield code="c">YQR</subfield><subfield code="d">NYS</subfield><subfield code="d">OCL</subfield><subfield code="d">OCLCQ</subfield></datafield><datafield ind1="1" ind2=" " tag="029"><subfield code="a">AU@</subfield><subfield code="b">000025869561</subfield></datafield><datafield ind1=" " ind2=" " tag="032"><subfield code="a">215720</subfield><subfield code="b">USPS</subfield></datafield><datafield ind1=" " ind2=" " tag="042"><subfield code="a">msc</subfield></datafield><datafield ind1=" " ind2=" " tag="043"><subfield code="a">n-us-ny</subfield></datafield><datafield ind1="0" ind2=" " tag="130"><subfield code="a">Genesee country express (Dansville, N.Y. : 1956)</subfield></datafield><datafield ind1="0" ind2="0" tag="245"><subfield code="a">Genesee country express.</subfield></datafield><datafield ind1="3" ind2="0" tag="246"><subfield code="a">Genesee country express, the Dansville breeze</subfield></datafield><datafield ind1="3" ind2="0" tag="246"><subfield code="a">Genesee country express [combined issue] the Dansville breeze</subfield></datafield><datafield ind1=" " ind2=" " tag="260"><subfield code="a">Dansville, N.Y. :</subfield><subfield code="b">Genesee Valley Press,</subfield><subfield code="c">1956-1971.</subfield></datafield><datafield ind1=" " ind2=" " tag="300"><subfield code="a">v. :</subfield><subfield code="b">ill. ;</subfield><subfield code="c">56 cm.</subfield></datafield><datafield ind1=" " ind2=" " tag="310"><subfield code="a">Weekly</subfield></datafield><datafield ind1="0" ind2=" " tag="362"><subfield code="a">Vol. 24, no. 19 (Mar. 1, 1956)-v. 40, no. 5 (Feb. 4, 1971).</subfield></datafield><datafield ind1=" " ind2=" " tag="580"><subfield code="a">Merged with: Wayland register, and: Dansville breeze; to form: Genesee country express combined with Wayland register-Dansville breeze.</subfield></datafield><datafield ind1=" " ind2=" " tag="580"><subfield code="a">Issued occasionally during 1956 and 1957 as a combined issue with: Dansville breeze using the titles: Genesee Country express, the Dansville breeze and Genesee Country express [combined issue] the Dansville breeze.</subfield></datafield><datafield ind1=" " ind2="4" tag="651"><subfield code="a">Dansville (N.Y.)</subfield><subfield code="v">Newspapers.</subfield></datafield><datafield ind1=" " ind2=" " tag="752"><subfield code="a">United States</subfield><subfield code="b">New York</subfield><subfield code="c">Livingston</subfield><subfield code="d">Dansville.</subfield></datafield><datafield ind1="1" ind2=" " tag="777"><subfield code="t">Dansville breeze</subfield><subfield code="w">(DLC)sn 85042493</subfield></datafield><datafield ind1="0" ind2="0" tag="780"><subfield code="t">Genesee Country express and advertiser</subfield><subfield code="w">(DLC)sn 87070427</subfield></datafield><datafield ind1="1" ind2="7" tag="785"><subfield code="t">Wayland register</subfield><subfield code="w">(DLC)sn 86034922</subfield></datafield><datafield ind1="1" ind2="7" tag="785"><subfield code="t">Dansville breeze</subfield><subfield code="w">(DLC)sn 85042493</subfield></datafield><datafield ind1="1" ind2="7" tag="785"><subfield code="t">Genesee country express combined with Wayland register-Dansville breeze</subfield><subfield code="w">(DLC)sn 89071027</subfield></datafield></record>